<record><leader>00000cas a22000007a 4500</leader><controlfield tag="001">24867686</controlfield><controlfield tag="008">911127d189919uuohuwr ne      0    0eng d</controlfield><datafield ind1=" " ind2=" " tag="010"><subfield code="a">sn 91074528 </subfield></datafield><datafield ind1=" " ind2=" " tag="040"><subfield code="a">ONP</subfield><subfield code="b">eng</subfield><subfield code="c">ONP</subfield><subfield code="d">OCLCQ</subfield></datafield><datafield ind1=" " ind2=" " tag="042"><subfield code="a">msc</subfield></datafield><datafield ind1="0" ind2="4" tag="245"><subfield code="a">The Weekly oil exchange.</subfield></datafield><datafield ind1=" " ind2=" " tag="260"><subfield code="a">Scio, Harrison Co., Ohio :</subfield><subfield code="b">D.T. Williams</subfield></datafield><datafield ind1=" " ind2=" " tag="300"><subfield code="a">v.</subfield></datafield><datafield ind1=" " ind2=" " tag="310"><subfield code="a">Weekly</subfield></datafield><datafield ind1="1" ind2=" " tag="362"><subfield code="a">Began with Aug. 5, 1899 issue.</subfield></datafield><datafield ind1=" " ind2=" " tag="588"><subfield code="a">Description based on: Vol. 1, no. 2 (Aug. 17, 1899).</subfield></datafield><datafield ind1=" " ind2=" " tag="752"><subfield code="a">United States</subfield><subfield code="b">Ohio</subfield><subfield code="c">Harrison</subfield><subfield code="d">Scio.</subfield></datafield><datafield ind1="0" ind2=" " tag="775"><subfield code="t">Daily oil exchange</subfield><subfield code="w">(DLC)sn 91074527</subfield></datafield><datafield ind1="0" ind2="1" tag="785"><subfield code="t">Weekly sun-exchange</subfield><subfield code="w">(DLC)sn 91069873</subfield></datafield></record>